<?xml version="1.0" encoding="UTF-8"?><collection xmlns="http://www.loc.gov/MARC21/slim"><record><leader>00393nam--2200157-i-4500</leader><controlfield tag="001">000013469</controlfield><controlfield tag="002">20161230</controlfield><controlfield tag="005">20170306224912</controlfield><controlfield tag="008">060222s1000------------r-----000-0-eng-d</controlfield><datafield ind1=" " ind2=" " tag="245"><subfield code="a">Electrons and transitions</subfield></datafield><datafield ind1=" " ind2=" " tag="260"><subfield code="a">Berlin</subfield><subfield code="b">Springer-verlag</subfield><subfield code="c">1980</subfield></datafield><datafield ind1=" " ind2=" " tag="300"><subfield code="a">120 p</subfield></datafield><datafield ind1=" " ind2=" " tag="490"><subfield code="a">Structure And Bonding</subfield></datafield><datafield ind1=" " ind2=" " tag="700"><subfield code="a">Balsenc, Lucette R</subfield></datafield><datafield ind1=" " ind2=" " tag="852"><subfield code="a">541.57</subfield></datafield><datafield ind1=" " ind2=" " tag="CAT"><subfield code="a">SYS</subfield><subfield code="c">20170306</subfield><subfield code="h">224912</subfield></datafield></record></collection>